@INPROCEEDINGS{Chu, 
author={S. Chu and S. Narayanan and C. c. J. Kuo and M. J. Mataric}, 
booktitle={2006 IEEE International Conference on Multimedia and Expo}, 
title="Where am I? Scene Recognition for Mobile Robots using Audio Features",
year={2006}, 
pages={885-888}, 
keywords={audio signal processing;image recognition;mobile robots;spectral analysis;audio feature;mobile robot;scene recognition;spectral analysis;Character recognition;Computer science;Layout;Mobile robots;Navigation;Robot sensing systems;Robot vision systems;Robotics and automation;Spectral analysis;Speech analysis}, 
doi={10.1109/ICME.2006.262661}, 
ISSN={1945-7871}, 
month={July},}

@INPROCEEDINGS{Chen, 
author={L. Chen and S. Gunduz and M. T. Ozsu}, 
booktitle={2006 IEEE International Conference on Multimedia and Expo}, 
title={Mixed Type Audio Classification with Support Vector Machine}, 
year={2006}, 
pages={781-784}, 
keywords={Bayes methods;audio databases;music;neural nets;pattern classification;speech;support vector machines;Naive Bayes;SVM;audio data classification system;k-NN;k-nearest neighbor;music;neural network;speech;support vector machine;Content based retrieval;Data mining;Music information retrieval;Nearest neighbor searches;Neural networks;Niobium;Speech analysis;Streaming media;Support vector machine classification;Support vector machines}, 
doi={10.1109/ICME.2006.262954}, 
ISSN={1945-7871}, 
month={July},}

@ARTICLE{Chu2Env, 
author={S. Chu and S. Narayanan and C. C. J. Kuo}, 
journal={IEEE Transactions on Audio, Speech, and Language Processing}, 
title="Environmental Sound Recognition With Time and Frequency Audio Features", 
year={2009}, 
volume={17}, 
number={6}, 
pages={1142-1158}, 
keywords={audio signal processing;pattern recognition;time-frequency analysis;Mel-frequency cepstral coefficients;audio sensor;broad flat spectrum;human recognition;matching pursuit algorithm;sound classification;sound recognition;temporal domain signatures;time-frequency audio features;Acoustic noise;Acoustic sensors;Cepstral analysis;Chirp;Humans;Insects;Layout;Matching pursuit algorithms;Rain;Spectral shape;Audio classification;Mel-frequency cepstral coefficient (MFCC);auditory scene recognition;data representation;feature extraction;feature selection;matching pursuit}, 
doi={10.1109/TASL.2009.2017438}, 
ISSN={1558-7916}, 
month={Aug},}

@article{Crudge:article_typical,
    author        = "Andrew Crudge and Will Thomas and Kaiyuan Zhu,
    title         = "Landmark Recognition Using Machine Learning",
    journal       = "CS229 Project",
    year          = "2014",
}

@article{guo2003content,
  title={Content-based audio classification and retrieval by support vector machines},
  author={Guo, Guodong and Li, Stan Z},
  journal={Neural Networks, IEEE Transactions on},
  volume={14},
  number={1},
  pages={209--215},
  year={2003},
  publisher={IEEE}
}

@article{aucouturier2007bag,
  title={The bag-of-frames approach to audio pattern recognition: A sufficient model for urban soundscapes but not for polyphonic music},
  author={Aucouturier, Jean-Julien and Defreville, Boris and Pachet, Fran{\c{c}}ois},
  journal={The Journal of the Acoustical Society of America},
  volume={122},
  number={2},
  pages={881--891},
  year={2007},
  publisher={Acoustical Society of America}
}

@article{rabiner1993fundamentals,
  title={Fundamentals of speech recognition},
  author={Rabiner, Lawrence and Juang, Biing-Hwang},
  year={1993},
  publisher={Prentice hall}
}